<record><leader>00000cas a22000007a 4500</leader><controlfield tag="001">11298246</controlfield><controlfield tag="008">841023d18671873inuwr ne      0    0eng d</controlfield><datafield ind1=" " ind2=" " tag="010"><subfield code="a">sn 84027558 </subfield></datafield><datafield ind1=" " ind2=" " tag="040"><subfield code="a">NPU</subfield><subfield code="b">eng</subfield><subfield code="c">NPU</subfield><subfield code="d">NPI</subfield><subfield code="d">OCLCQ</subfield><subfield code="d">IUL</subfield><subfield code="d">OCLCF</subfield></datafield><datafield ind1=" " ind2=" " tag="042"><subfield code="a">msc</subfield></datafield><datafield ind1=" " ind2=" " tag="043"><subfield code="a">n-us-in</subfield></datafield><datafield ind1="0" ind2="4" tag="245"><subfield code="a">The Ohio County recorder.</subfield></datafield><datafield ind1=" " ind2=" " tag="260"><subfield code="a">Rising Sun, Ind. :</subfield><subfield code="b">F.J. Waldo,</subfield><subfield code="c">1867-1873.</subfield></datafield><datafield ind1=" " ind2=" " tag="300"><subfield code="a">7 v. :</subfield><subfield code="b">ill. (chiefly advertisements) ;</subfield><subfield code="c">57 cm.</subfield></datafield><datafield ind1=" " ind2=" " tag="310"><subfield code="a">Weekly</subfield></datafield><datafield ind1="0" ind2=" " tag="362"><subfield code="a">Vol. 2, no. 42 (Jan. 12, 1867)-9th year, no. 451 (Dec. 26, 1873).</subfield></datafield><datafield ind1=" " ind2=" " tag="500"><subfield code="a">Publishers: Jan. 1867-Sept. 1868, Gregory &amp; Beaty; Sept. 1868-May 1873, Frank Gregory; June 1873-Dec. 1873, F.J. Waldo.</subfield></datafield><datafield ind1=" " ind2=" " tag="500"><subfield code="a">" ... the only paper published in Ohio County ..."</subfield></datafield><datafield ind1=" " ind2="0" tag="651"><subfield code="a">Rising Sun (Ind.)</subfield><subfield code="v">Newspapers.</subfield></datafield><datafield ind1=" " ind2="0" tag="651"><subfield code="a">Ohio County (Ind.)</subfield><subfield code="v">Newspapers.</subfield></datafield><datafield ind1=" " ind2="7" tag="651"><subfield code="a">Indiana</subfield><subfield code="z">Ohio County.</subfield><subfield code="2">fast</subfield><subfield code="0">(OCoLC)fst01215239</subfield></datafield><datafield ind1=" " ind2="7" tag="651"><subfield code="a">Indiana</subfield><subfield code="z">Rising Sun.</subfield><subfield code="2">fast</subfield><subfield code="0">(OCoLC)fst01257705</subfield></datafield><datafield ind1=" " ind2="7" tag="655"><subfield code="a">Newspapers.</subfield><subfield code="2">fast</subfield><subfield code="0">(OCoLC)fst01423814</subfield></datafield><datafield ind1=" " ind2=" " tag="752"><subfield code="a">United States</subfield><subfield code="b">Indiana</subfield><subfield code="c">Ohio</subfield><subfield code="d">Rising Sun.</subfield></datafield><datafield ind1="0" ind2="0" tag="780"><subfield code="t">Recorder (Rising Sun, Ind.)</subfield><subfield code="w">(DLC)sn 85047699</subfield><subfield code="w">(OCoLC)11743553</subfield></datafield><datafield ind1="0" ind2="0" tag="785"><subfield code="t">Rising Sun recorder</subfield><subfield code="w">(DLC)sn 84038022</subfield><subfield code="w">(OCoLC)11177229</subfield></datafield></record>